%% This BibTeX bibliography file was created using BibDesk.
%% http://bibdesk.sourceforge.net/


%% Created for Vadim Kotov at 2011-05-19 16:08:22 +0600 


%% Saved with string encoding Unicode (UTF-8) 



@book{H.Ballard:1982ys,
	Author = {Dana H.Ballard and Christopher M.Brown},
	Date-Added = {2011-05-13 20:51:20 +0600},
	Date-Modified = {2011-05-19 15:50:51 +0600},
	Publisher = {Prentice-Hall, Inc. (ISBN: 0131653164)},
	Title = {Computer Vision},
	Year = {1982}}

@book{Russ:1998uq,
	Author = {John C. Russ},
	Date-Added = {2011-05-13 09:36:12 +0600},
	Date-Modified = {2011-05-19 15:50:39 +0600},
	Edition = {3},
	Month = {October},
	Publisher = {CRC Press LLC (ISBN: 0849325323)},
	Title = {The Image Processing Handbook},
	Year = {1998}}

@booklet{Bezryadin:2007fk,
	Author = {Sergey Bezryadin and Pavel Bourov and Dmitry Ilinih},
	Date-Added = {2011-05-13 08:55:13 +0600},
	Date-Modified = {2011-05-13 08:57:06 +0600},
	Month = {January},
	Title = {Brightness Calculation in Digital Image Processing},
	Year = {2007}}

@misc{Incorporated:2009if,
	Author = {Adobe Systems Incorporated},
	Date-Added = {2011-05-12 18:42:15 +0600},
	Date-Modified = {2011-05-12 18:43:02 +0600},
	Howpublished = {\url{http://partners.adobe.com/public/developer/tips/topic_tip31.html}},
	Title = {Adobe PDF 101 --- Quick overview of PDF file format},
	Year = {2009}}

@manual{Incorporated:2006ao,
	Author = {Adobe Systems Incorporated},
	Date-Added = {2011-05-12 18:23:46 +0600},
	Date-Modified = {2011-05-12 18:25:27 +0600},
	Howpublished = {\url{http://www.adobe.com/devnet/acrobat/pdfs/pdf_reference_1-7.pdf}},
	Month = {November},
	Title = {PDF Reference, Sixth edition, version 1.23},
	Year = {2006}}

@booklet{Neil:2009lr,
	Author = {Theresa Neil},
	Date-Added = {2011-05-12 16:45:23 +0600},
	Date-Modified = {2011-05-12 16:45:58 +0600},
	Month = {January},
	Title = {Standard Screen Patterns v3.0},
	Year = {2009}}

@booklet{Ford:1998ud,
	Author = {Adrian Ford and Alan Roberts},
	Date-Added = {2011-05-12 07:47:50 +0600},
	Date-Modified = {2011-05-12 07:48:25 +0600},
	Month = {August},
	Title = {Colour Space Conversions},
	Year = {1998}}

@misc{Matthews:2004zp,
	Author = {James Matthews},
	Date-Added = {2011-05-12 05:17:03 +0600},
	Date-Modified = {2011-05-12 05:17:50 +0600},
	Howpublished = {\url{http://www.generation5.org/content/2004/histogramEqualization.asp}},
	Month = {December},
	Title = {Histogram Equalization},
	Year = {2004}}

@misc{Fisher:2003vl,
	Author = {R. Fisher and S. Perkins and A. Walker and E. Wolfart},
	Date-Added = {2011-05-12 00:04:10 +0600},
	Date-Modified = {2011-05-12 00:04:59 +0600},
	Howpublished = {\url{http://homepages.inf.ed.ac.uk/rbf/HIPR2/threshld.htm}},
	Title = {Thresholding},
	Year = {2003}}

@booklet{Poynton:1997jt,
	Author = {Charles Poynton},
	Date-Added = {2011-05-11 23:01:14 +0600},
	Date-Modified = {2011-05-11 23:02:52 +0600},
	Month = {March},
	Title = {Frequently Asked Questions about Color},
	Year = {1997}}

@booklet{Poynton:1998sf,
	Author = {Charles Poynton},
	Date-Added = {2011-05-11 23:00:09 +0600},
	Date-Modified = {2011-05-11 23:03:13 +0600},
	Month = {January},
	Title = {Frequently Asked Questions about Gamma},
	Year = {1998}}

@misc{NASA:2011gd,
	Author = {NASA and Ames Research Center},
	Date-Added = {2011-05-11 22:55:46 +0600},
	Date-Modified = {2011-05-11 22:57:34 +0600},
	Howpublished = {\url{http://colorusage.arc.nasa.gov/luminance_cont.php}},
	Month = {January},
	Title = {Luminance Contrast},
	Year = {2011}}

@misc{Cambridgeincolour.com:2011la,
	Author = {Cambridgeincolour.com},
	Date-Added = {2011-05-11 17:15:48 +0600},
	Date-Modified = {2011-05-11 17:17:16 +0600},
	Howpublished = {\url{http://www.cambridgeincolour.com/tutorials/dynamic-range.htm}},
	Title = {Dynamic range in digital photography},
	Year = {2011}}

@misc{Bockaert:1998qq,
	Author = {Vincent Bockaert},
	Date-Added = {2011-05-11 17:13:19 +0600},
	Date-Modified = {2011-05-11 17:14:52 +0600},
	Howpublished = {\url{http://www.dpreview.com/learn/?/Glossary/Digital_Imaging/tonal_range_01.htm}},
	Title = {Tonal Range},
	Year = {1998 - 2011}}

@misc{Adobe-community-help:2011xe,
	Author = {Adobe community help, Version 3.3.0.800},
	Date-Added = {2011-05-11 17:09:26 +0600},
	Date-Modified = {2011-05-11 17:10:39 +0600},
	Howpublished = {Adobe Help Files},
	Title = {Functions overview},
	Year = {2011}}

@misc{Wikipedia:2011rw,
	Author = {Wikipedia},
	Date-Added = {2011-05-11 17:05:37 +0600},
	Date-Modified = {2011-05-11 17:06:37 +0600},
	Howpublished = {\url{http://en.wikipedia.org/wiki/Virtonomics#cite_note-0}},
	Month = {January},
	Title = {Virtonomics},
	Year = {2011}}

@misc{Schonfeld:2010qr,
	Author = {Erick Schonfeld},
	Date-Added = {2011-05-11 16:23:49 +0600},
	Date-Modified = {2011-05-11 16:24:50 +0600},
	Howpublished = {\url{http://techcrunch.com/2010/08/25/scvngr-game-mechanics/}},
	Month = {August},
	Title = {SCVNGR's Secret Game Mechanics Playdeck},
	Year = {2010}}

@misc{Kuhn:2011hl,
	Author = {Bastian Kuhn},
	Date-Added = {2011-05-11 13:43:25 +0600},
	Date-Modified = {2011-05-11 16:12:53 +0600},
	Howpublished = {Presentation material},
	Month = {January},
	Title = {Concept of "DBB-Crackers"},
	Year = {2011}}

@article{Egenfeldt-Nielsen:2007fp,
	Author = {Simon Egenfeldt-Nielsen},
	Date-Added = {2011-05-10 19:53:07 +0600},
	Date-Modified = {2011-05-10 19:56:19 +0600},
	Journal = {Jl. of Educational Multimedia and Hypermedia},
	Pages = {263-281},
	Title = {Third Generation Educational Use of Computer Games},
	Year = {2007},
	Bdsk-File-1 = {YnBsaXN0MDDUAQIDBAUIJidUJHRvcFgkb2JqZWN0c1gkdmVyc2lvblkkYXJjaGl2ZXLRBgdUcm9vdIABqAkKFRYXGyIjVSRudWxs0wsMDQ4RFFpOUy5vYmplY3RzV05TLmtleXNWJGNsYXNzog8QgASABqISE4ACgAOAB1lhbGlhc0RhdGFccmVsYXRpdmVQYXRo0hgNGRpXTlMuZGF0YU8RAe4AAAAAAe4AAgAADE1hY2ludG9zaCBIRAAAAAAAAAAAAAAAAAAAAMUSJ9lIKwAAAaAnpR90aGlyZF9nZW5lcmF0aW9uX0pFIzFBMDU0MjAucGRmAAAAAAAAAAAAAAAAAAAAAAAAAAAAAAAAAAAAAAAAAAABoFQgye9IPQAAAAAAAAAAAAMAAwAACSAAAAAAAAAAAAAAAAAAAAAGUGFwZXJzABAACAAAxRHTeQAAABEACAAAye7z3QAAAAEAEAGgJ6UABUa9AAVGpgAAe30AAgBJTWFjaW50b3NoIEhEOlVzZXJzOnZhZGltOkRvY3VtZW50czpQYXBlcnM6dGhpcmRfZ2VuZXJhdGlvbl9KRSMxQTA1NDIwLnBkZgAADgBWACoAdABoAGkAcgBkAF8AZwBlAG4AZQByAGEAdABpAG8AbgBfAEoARQBNAF8AZQBnAGUAbgBmAGUAbABkAHQALQBuAGkAZQBsAHMAZQBuAC4AcABkAGYADwAaAAwATQBhAGMAaQBuAHQAbwBzAGgAIABIAEQAEgBHVXNlcnMvdmFkaW0vRG9jdW1lbnRzL1BhcGVycy90aGlyZF9nZW5lcmF0aW9uX0pFTV9lZ2VuZmVsZHQtbmllbHNlbi5wZGYAABMAAS8AABUAAgAM//8AAIAF0hwdHh9YJGNsYXNzZXNaJGNsYXNzbmFtZaMfICFdTlNNdXRhYmxlRGF0YVZOU0RhdGFYTlNPYmplY3RfEEQuLi8uLi8uLi9Eb2N1bWVudHMvUGFwZXJzL3RoaXJkX2dlbmVyYXRpb25fSkVNX2VnZW5mZWxkdC1uaWVsc2VuLnBkZtIcHSQloiUhXE5TRGljdGlvbmFyeRIAAYagXxAPTlNLZXllZEFyY2hpdmVyAAgAEQAWAB8AKAAyADUAOgA8AEUASwBSAF0AZQBsAG8AcQBzAHYAeAB6AHwAhgCTAJgAoAKSApQCmQKiAq0CsQK/AsYCzwMWAxsDHgMrAzAAAAAAAAACAQAAAAAAAAAoAAAAAAAAAAAAAAAAAAADQg==}}

@misc{Brown:2007eu,
	Author = {Emmanuel Brown},
	Date-Added = {2011-05-10 13:33:46 +0600},
	Date-Modified = {2011-05-10 19:55:46 +0600},
	Howpublished = {\url{http://www.strategyinformer.com/pc/safecracker/review.html}},
	Keywords = {review},
	Lastchecked = {2011-05-10},
	Title = {We play Safecracker... (PC)},
	Year = {2007},
	Bdsk-File-1 = {YnBsaXN0MDDUAQIDBAUIJidUJHRvcFgkb2JqZWN0c1gkdmVyc2lvblkkYXJjaGl2ZXLRBgdUcm9vdIABqAkKFRYXGyIjVSRudWxs0wsMDQ4RFFpOUy5vYmplY3RzV05TLmtleXNWJGNsYXNzog8QgASABqISE4ACgAOAB1lhbGlhc0RhdGFccmVsYXRpdmVQYXRo0hgNGRpXTlMuZGF0YU8RAZAAAAAAAZAAAgAADE1hY2ludG9zaCBIRAAAAAAAAAAAAAAAAAAAAMUSJ9lIKwAAAaAnpRBzYWZlY3JhY2tlcjEuanBnAAAAAAAAAAAAAAAAAAAAAAAAAAAAAAAAAAAAAAAAAAAAAAAAAAAAAAAAAAAAAAABoCeSye7zaAAAAAAAAAAAAAMAAwAACSAAAAAAAAAAAAAAAAAAAAAGUGFwZXJzABAACAAAxRHTeQAAABEACAAAye6fCAAAAAEAEAGgJ6UABUa9AAVGpgAAe30AAgA6TWFjaW50b3NoIEhEOlVzZXJzOnZhZGltOkRvY3VtZW50czpQYXBlcnM6c2FmZWNyYWNrZXIxLmpwZwAOACIAEABzAGEAZgBlAGMAcgBhAGMAawBlAHIAMQAuAGoAcABnAA8AGgAMAE0AYQBjAGkAbgB0AG8AcwBoACAASABEABIALVVzZXJzL3ZhZGltL0RvY3VtZW50cy9QYXBlcnMvc2FmZWNyYWNrZXIxLmpwZwAAEwABLwAAFQACAAz//wAAgAXSHB0eH1gkY2xhc3Nlc1okY2xhc3NuYW1lox8gIV1OU011dGFibGVEYXRhVk5TRGF0YVhOU09iamVjdF8QKi4uLy4uLy4uL0RvY3VtZW50cy9QYXBlcnMvc2FmZWNyYWNrZXIxLmpwZ9IcHSQloiUhXE5TRGljdGlvbmFyeRIAAYagXxAPTlNLZXllZEFyY2hpdmVyAAgAEQAWAB8AKAAyADUAOgA8AEUASwBSAF0AZQBsAG8AcQBzAHYAeAB6AHwAhgCTAJgAoAI0AjYCOwJEAk8CUwJhAmgCcQKeAqMCpgKzArgAAAAAAAACAQAAAAAAAAAoAAAAAAAAAAAAAAAAAAACyg==},
	Bdsk-File-2 = {YnBsaXN0MDDUAQIDBAUIJidUJHRvcFgkb2JqZWN0c1gkdmVyc2lvblkkYXJjaGl2ZXLRBgdUcm9vdIABqAkKFRYXGyIjVSRudWxs0wsMDQ4RFFpOUy5vYmplY3RzV05TLmtleXNWJGNsYXNzog8QgASABqISE4ACgAOAB1lhbGlhc0RhdGFccmVsYXRpdmVQYXRo0hgNGRpXTlMuZGF0YU8RAZAAAAAAAZAAAgAADE1hY2ludG9zaCBIRAAAAAAAAAAAAAAAAAAAAMUSJ9lIKwAAAaAnpRBzYWZlY3JhY2tlcjIuanBnAAAAAAAAAAAAAAAAAAAAAAAAAAAAAAAAAAAAAAAAAAAAAAAAAAAAAAAAAAAAAAABoCd+ye7zWAAAAAAAAAAAAAMAAwAACSAAAAAAAAAAAAAAAAAAAAAGUGFwZXJzABAACAAAxRHTeQAAABEACAAAye6e+AAAAAEAEAGgJ6UABUa9AAVGpgAAe30AAgA6TWFjaW50b3NoIEhEOlVzZXJzOnZhZGltOkRvY3VtZW50czpQYXBlcnM6c2FmZWNyYWNrZXIyLmpwZwAOACIAEABzAGEAZgBlAGMAcgBhAGMAawBlAHIAMgAuAGoAcABnAA8AGgAMAE0AYQBjAGkAbgB0AG8AcwBoACAASABEABIALVVzZXJzL3ZhZGltL0RvY3VtZW50cy9QYXBlcnMvc2FmZWNyYWNrZXIyLmpwZwAAEwABLwAAFQACAAz//wAAgAXSHB0eH1gkY2xhc3Nlc1okY2xhc3NuYW1lox8gIV1OU011dGFibGVEYXRhVk5TRGF0YVhOU09iamVjdF8QKi4uLy4uLy4uL0RvY3VtZW50cy9QYXBlcnMvc2FmZWNyYWNrZXIyLmpwZ9IcHSQloiUhXE5TRGljdGlvbmFyeRIAAYagXxAPTlNLZXllZEFyY2hpdmVyAAgAEQAWAB8AKAAyADUAOgA8AEUASwBSAF0AZQBsAG8AcQBzAHYAeAB6AHwAhgCTAJgAoAI0AjYCOwJEAk8CUwJhAmgCcQKeAqMCpgKzArgAAAAAAAACAQAAAAAAAAAoAAAAAAAAAAAAAAAAAAACyg==}}
